<record><leader>00000cas a22000007a 4500</leader><controlfield tag="001">15698141</controlfield><controlfield tag="008">870516d18531855inuwr ne      0    0eng d</controlfield><datafield ind1=" " ind2=" " tag="010"><subfield code="a">sn 87056223 </subfield></datafield><datafield ind1=" " ind2=" " tag="040"><subfield code="a">NPI</subfield><subfield code="b">eng</subfield><subfield code="c">NPI</subfield><subfield code="d">OCLCQ</subfield></datafield><datafield ind1=" " ind2=" " tag="042"><subfield code="a">msc</subfield></datafield><datafield ind1="0" ind2=" " tag="130"><subfield code="a">Democratic messenger (Auburn, Ind.)</subfield></datafield><datafield ind1="1" ind2="0" tag="245"><subfield code="a">Democratic messenger.</subfield></datafield><datafield ind1=" " ind2=" " tag="260"><subfield code="a">Auburn, Ind. :</subfield><subfield code="b">M.F. Pierce</subfield></datafield><datafield ind1=" " ind2=" " tag="310"><subfield code="a">Weekly</subfield></datafield><datafield ind1="1" ind2=" " tag="362"><subfield code="a">Began in 1853; ceased in Dec. 1855.</subfield></datafield><datafield ind1=" " ind2=" " tag="588"><subfield code="a">Description based on: Vol. 1, no. 47 (June 8, 1854).</subfield></datafield><datafield ind1=" " ind2=" " tag="752"><subfield code="a">United States</subfield><subfield code="b">Indiana</subfield><subfield code="c">De Kalb</subfield><subfield code="d">Auburn.</subfield></datafield></record>